<?xml version="1.0" encoding="UTF-8"?><record xmlns="http://www.loc.gov/MARC21/slim" xmlns:cinclude="http://apache.org/cocoon/include/1.0" xmlns:zs="http://www.loc.gov/zing/srw/">
  <leader>00583cz  a2200145n  4500</leader>
  <controlfield tag="001">no2003019997</controlfield>
  <controlfield tag="003">DLC</controlfield>
  <controlfield tag="005">20030323081621.0</controlfield>
  <controlfield tag="008">030303n| acannaabn          |n aaa     c</controlfield>
  <datafield tag="010" ind1=" " ind2=" ">
    <subfield code="a">no2003019997</subfield>
  </datafield>
  <datafield tag="035" ind1=" " ind2=" ">
    <subfield code="a">(OCoLC)oca05986908</subfield>
  </datafield>
  <datafield tag="040" ind1=" " ind2=" ">
    <subfield code="a">NBuU</subfield>
    <subfield code="b">eng</subfield>
    <subfield code="c">NBuU</subfield>
    <subfield code="d">SG-SiILA</subfield>
  </datafield>
  <datafield tag="100" ind1="1" ind2=" ">
    <subfield code="a">Frey, Franziska S.</subfield>
  </datafield>
  <datafield tag="670" ind1=" " ind2=" ">
    <subfield code="a">Recommendations for the evaluation of digital images produced from photographic, microphotographic, and various paper formats, 1996:</subfield>
    <subfield code="b">t.p. (Franziska S. Frey)</subfield>
  </datafield>
  <datafield tag="670" ind1=" " ind2=" ">
    <subfield code="a">Digital imaging for photographic collections, c1999:</subfield>
    <subfield code="b">t.p. (Franziska S. Frey) p. vi (Franziska Frey)</subfield>
  </datafield>
</record>